
    <zs:record>
      <zs:recordPacking>xml</zs:recordPacking>
      <zs:recordData>
        <record xmlns="http://www.loc.gov/MARC21/slim">
          <leader>00469nz a2200133 4500</leader>
          <controlfield tag="001">30004440</controlfield>
          <controlfield tag="003">RISM</controlfield>
          <controlfield tag="005">20121108</controlfield>
          <controlfield tag="008">121108n||az|||||||##########||||||||||||</controlfield>
          <datafield tag="043" ind1=" " ind2=" ">
            <subfield code="c">Japan</subfield>
          </datafield>
          <datafield tag="110" ind1="2" ind2=" ">
            <subfield code="a">Nogami Kinen H¯osei Daigaku N¯ogaku Kenky¯ujo</subfield>
            <subfield code="c">Tokyo</subfield>
            <subfield code="g">J-Tni</subfield>
          </datafield>
          <datafield tag="410" ind1="2" ind2=" ">
            <subfield code="a">Nogami Memorial N¯ogaku Research Institute of H¯osei University</subfield>
          </datafield>
          <datafield tag="622" ind1=" " ind2=" ">
            <subfield code="e">Nogami Kinen H¯osei Daigaku N¯ogaku, Kenky¯ujo, 2-8-4 Minami Azabu, Minato-ku, Tokyo
              106</subfield>
          </datafield>
          <datafield tag="852" ind1="2" ind2=" ">
            <subfield code="b">35.6894875, 139.6917064</subfield>
          </datafield>
          <idzebra xmlns="http://www.indexdata.dk/zebra/">
            <size>469</size>
            <score>680</score>
            <localnumber>833181</localnumber>
            <filename>sigla/sigla.mrc</filename>
          </idzebra>
        </record>
      </zs:recordData>
      <zs:recordPosition>84</zs:recordPosition>
    </zs:record>