
    <zs:record>
      <zs:recordPacking>xml</zs:recordPacking>
      <zs:recordData>
        <record xmlns="http://www.loc.gov/MARC21/slim">
          <leader>00438nz a2200133 4500</leader>
          <controlfield tag="001">30004385</controlfield>
          <controlfield tag="003">RISM</controlfield>
          <controlfield tag="005">20121108</controlfield>
          <controlfield tag="008">121108n||az|||||||##########||||||||||||</controlfield>
          <datafield tag="043" ind1=" " ind2=" ">
            <subfield code="c">Japan</subfield>
          </datafield>
          <datafield tag="110" ind1="2" ind2=" ">
            <subfield code="a">Ch¯ubu Nippon H¯os¯o Shiry¯oka</subfield>
            <subfield code="c">Nagoya</subfield>
            <subfield code="g">J-NAb</subfield>
          </datafield>
          <datafield tag="410" ind1="2" ind2=" ">
            <subfield code="a">Ch¯ubu Nippon Broadcasting Materials Library</subfield>
          </datafield>
          <datafield tag="622" ind1=" " ind2=" ">
            <subfield code="e">Ch¯ubu Nippon H¯os¯o Shiry¯oka, 4-15 Shinsakae-machi, Naka-ku, Nagoya, -shi, Aichi-ken
              460</subfield>
          </datafield>
          <datafield tag="852" ind1="2" ind2=" ">
            <subfield code="b">35.1814464, 136.906398</subfield>
          </datafield>
          <idzebra xmlns="http://www.indexdata.dk/zebra/">
            <size>438</size>
            <score>680</score>
            <localnumber>833217</localnumber>
            <filename>sigla/sigla.mrc</filename>
          </idzebra>
        </record>
      </zs:recordData>
      <zs:recordPosition>88</zs:recordPosition>
    </zs:record>