
    <zs:record>
      <zs:recordPacking>xml</zs:recordPacking>
      <zs:recordData>
        <record xmlns="http://www.loc.gov/MARC21/slim">
          <leader>00436nz a2200133 4500</leader>
          <controlfield tag="001">30004389</controlfield>
          <controlfield tag="003">RISM</controlfield>
          <controlfield tag="005">20121108</controlfield>
          <controlfield tag="008">121108n||az|||||||##########||||||||||||</controlfield>
          <datafield tag="043" ind1=" " ind2=" ">
            <subfield code="c">Japan</subfield>
          </datafield>
          <datafield tag="110" ind1="2" ind2=" ">
            <subfield code="a">Nagoya-shi Tsurumai Ch¯u¯o Toshokan</subfield>
            <subfield code="c">Nagoya</subfield>
            <subfield code="g">J-NAcl</subfield>
          </datafield>
          <datafield tag="410" ind1="2" ind2=" ">
            <subfield code="a">Tsurumai Central Library, Nagoya</subfield>
          </datafield>
          <datafield tag="622" ind1=" " ind2=" ">
            <subfield code="e">Nagoya-shi Tsurumai Ch¯u¯o Toshokan, 1-1-155 Tsurumai-machi, Sh¯owa-ku,, Nagoya-shi,
              Aichi-ken 446</subfield>
          </datafield>
          <datafield tag="852" ind1="2" ind2=" ">
            <subfield code="b">35.1814464, 136.906398</subfield>
          </datafield>
          <idzebra xmlns="http://www.indexdata.dk/zebra/">
            <size>436</size>
            <score>680</score>
            <localnumber>833220</localnumber>
            <filename>sigla/sigla.mrc</filename>
          </idzebra>
        </record>
      </zs:recordData>
      <zs:recordPosition>91</zs:recordPosition>
    </zs:record>