
    <zs:record>
      <zs:recordPacking>xml</zs:recordPacking>
      <zs:recordData>
        <record xmlns="http://www.loc.gov/MARC21/slim">
          <leader>00352nz a2200121 4500</leader>
          <controlfield tag="001">30004411</controlfield>
          <controlfield tag="003">RISM</controlfield>
          <controlfield tag="005">20121108</controlfield>
          <controlfield tag="008">121108n||az|||||||##########||||||||||||</controlfield>
          <datafield tag="043" ind1=" " ind2=" ">
            <subfield code="c">Japan</subfield>
          </datafield>
          <datafield tag="110" ind1="2" ind2=" ">
            <subfield code="a">Y¯uz¯u Dainembutsuji</subfield>
            <subfield code="c">Osaka</subfield>
            <subfield code="g">J-Oyd</subfield>
          </datafield>
          <datafield tag="622" ind1=" " ind2=" ">
            <subfield code="e">Y¯uz¯u Dainembutsuji, 10 Hirano Kami-machi, Hirano-ku, Osaka, -shi, Osaka-fu
              546</subfield>
          </datafield>
          <datafield tag="852" ind1="2" ind2=" ">
            <subfield code="b">34.6937378, 135.5021651</subfield>
          </datafield>
          <idzebra xmlns="http://www.indexdata.dk/zebra/">
            <size>352</size>
            <score>680</score>
            <localnumber>833231</localnumber>
            <filename>sigla/sigla.mrc</filename>
          </idzebra>
        </record>
      </zs:recordData>
      <zs:recordPosition>102</zs:recordPosition>
    </zs:record>