
    <zs:record>
      <zs:recordPacking>xml</zs:recordPacking>
      <zs:recordData>
        <record xmlns="http://www.loc.gov/MARC21/slim">
          <leader>00350nz a2200121 4500</leader>
          <controlfield tag="001">30004346</controlfield>
          <controlfield tag="003">RISM</controlfield>
          <controlfield tag="005">20121108</controlfield>
          <controlfield tag="008">121108n||az|||||||##########||||||||||||</controlfield>
          <datafield tag="043" ind1=" " ind2=" ">
            <subfield code="c">Japan</subfield>
          </datafield>
          <datafield tag="110" ind1="2" ind2=" ">
            <subfield code="a">Ky¯ush¯u Daigaku</subfield>
            <subfield code="c">Fukuoka</subfield>
            <subfield code="g">J-FAu</subfield>
          </datafield>
          <datafield tag="410" ind1="2" ind2=" ">
            <subfield code="a">Ky¯ush¯u University</subfield>
          </datafield>
          <datafield tag="622" ind1=" " ind2=" ">
            <subfield code="e">Ky¯ush¯u Daigaku, Bungaku-bu, 3576 Daigaku Hakozaki,, Fukuoka-shi, Fukuoka-ken
              812</subfield>
          </datafield>
          <idzebra xmlns="http://www.indexdata.dk/zebra/">
            <size>350</size>
            <score>680</score>
            <localnumber>834295</localnumber>
            <filename>sigla/sigla.mrc</filename>
          </idzebra>
        </record>
      </zs:recordData>
      <zs:recordPosition>117</zs:recordPosition>
    </zs:record>