
    <zs:record>
      <zs:recordPacking>xml</zs:recordPacking>
      <zs:recordData>
        <record xmlns="http://www.loc.gov/MARC21/slim">
          <leader>00364nz a2200121 4500</leader>
          <controlfield tag="001">30004399</controlfield>
          <controlfield tag="003">RISM</controlfield>
          <controlfield tag="005">20121108</controlfield>
          <controlfield tag="008">121108n||az|||||||##########||||||||||||</controlfield>
          <datafield tag="043" ind1=" " ind2=" ">
            <subfield code="c">Japan</subfield>
          </datafield>
          <datafield tag="110" ind1="2" ind2=" ">
            <subfield code="a">K¯obe Jogakuin Daigaku</subfield>
            <subfield code="c">Nishinomiya</subfield>
            <subfield code="g">J-NMku</subfield>
          </datafield>
          <datafield tag="410" ind1="2" ind2=" ">
            <subfield code="a">K¯obe Jogakuin University, Library</subfield>
          </datafield>
          <datafield tag="622" ind1=" " ind2=" ">
            <subfield code="e">K¯obe Jogakuin Daigaku, 4-1 Okadayama, Nishinomiya-shi, Hy¯ogo, -ken 662</subfield>
          </datafield>
          <idzebra xmlns="http://www.indexdata.dk/zebra/">
            <size>364</size>
            <score>680</score>
            <localnumber>835060</localnumber>
            <filename>sigla/sigla.mrc</filename>
          </idzebra>
        </record>
      </zs:recordData>
      <zs:recordPosition>124</zs:recordPosition>
    </zs:record>